<?xml version = "1.0" encoding = "UTF-8"?><record>
  <leader>00914nam#a2200265#cc4500</leader>
  <controlfield tag="005">20210408053831.0</controlfield>
  <controlfield tag="007">tu</controlfield>
  <controlfield tag="008">970903|1974####gw############|||#|#ger#c</controlfield>
  <controlfield tag="003">DE-605</controlfield>
  <controlfield tag="001">990077756100206441</controlfield>
  <datafield tag="016" ind1="7" ind2=" ">
    <subfield code="a">310664959</subfield>
    <subfield code="2">OCoLC</subfield>
  </datafield>
  <datafield tag="035" ind1=" " ind2=" ">
    <subfield code="a">(DE-605)HT001898812</subfield>
  </datafield>
  <datafield tag="040" ind1=" " ind2=" ">
    <subfield code="a">294</subfield>
    <subfield code="b">ger</subfield>
    <subfield code="d">294</subfield>
    <subfield code="e">rakwb</subfield>
  </datafield>
  <datafield tag="041" ind1=" " ind2=" ">
    <subfield code="a">ger</subfield>
    <subfield code="a">pol</subfield>
  </datafield>
  <datafield tag="044" ind1=" " ind2=" ">
    <subfield code="c">XA-DDDE</subfield>
  </datafield>
  <datafield tag="245" ind1="0" ind2="0">
    <subfield code="a">Gro&#223;w&#246;rterbuch Polnisch-Deutsch</subfield>
    <subfield code="n">2</subfield>
    <subfield code="p">O - &#379; / Jan Piprek ...</subfield>
  </datafield>
  <datafield tag="264" ind1=" " ind2="1">
    <subfield code="a">Leipzig</subfield>
    <subfield code="b">Verl. Enzyklop&#228;die [u.a.]</subfield>
    <subfield code="c">1974</subfield>
  </datafield>
  <datafield tag="300" ind1=" " ind2=" ">
    <subfield code="a">XVIII, 1306 S.</subfield>
  </datafield>
  <datafield tag="700" ind1="1" ind2=" ">
    <subfield code="a">Piprek, Jan</subfield>
    <subfield code="4">oth</subfield>
    <subfield code="9">O:H</subfield>
  </datafield>
  <datafield tag="700" ind1="1" ind2=" ">
    <subfield code="a">Ippoldt, Juliusz</subfield>
    <subfield code="d">1867-1960</subfield>
    <subfield code="0">(DE-588)124515312</subfield>
    <subfield code="4">oth</subfield>
    <subfield code="9">O:H</subfield>
    <subfield code="0">(uri) https://portal.dnb.de/opac.htm?method=simpleSearch&amp;cqlMode=true&amp;query=idn=124515312</subfield>
    <subfield code="0">(uri) http://viaf.org/viaf/sourceID/DNB|124515312</subfield>
  </datafield>
  <datafield tag="773" ind1="0" ind2="8">
    <subfield code="w">(DE-605)HT001381485</subfield>
    <subfield code="q">2</subfield>
  </datafield>
  <datafield tag="856" ind1="4" ind2="2">
    <subfield code="m">V:DE-605;X:migimw</subfield>
    <subfield code="q">application/pdf</subfield>
    <subfield code="u">http://digitale-objekte.hbz-nrw.de/storage/2009/12/13/file_25/3362188.pdf</subfield>
    <subfield code="3">Inhaltsverzeichnis</subfield>
    <subfield code="9">O:PKN</subfield>
  </datafield>
  <datafield tag="964" ind1="0" ind2="s">
    <subfield code="F">030</subfield>
    <subfield code="A">a|1uc||||||||</subfield>
  </datafield>
  <datafield tag="964" ind1="0" ind2="s">
    <subfield code="F">050</subfield>
    <subfield code="A">a|||||||||||||</subfield>
  </datafield>
  <datafield tag="035" ind1=" " ind2=" ">
    <subfield code="a">(OCoLC)310664959</subfield>
    <subfield code="0">(uri) http://www.worldcat.org/oclc/310664959</subfield>
  </datafield>
  <datafield tag="MBD" ind1=" " ind2=" ">
    <subfield code="M">49HBZ_NETWORK</subfield>
    <subfield code="i">990077756100206441</subfield>
    <subfield code="n">HBZ Network</subfield>
  </datafield>
  <datafield tag="MBD" ind1=" " ind2=" ">
    <subfield code="M">49HBZ_BIE</subfield>
    <subfield code="i">991012424449706442</subfield>
    <subfield code="n">UB Bielefeld</subfield>
  </datafield>
  <datafield tag="700" ind1="1" ind2=" ">
    <subfield code="a">Piprek, Jan</subfield>
    <subfield code="4">oth</subfield>
    <subfield code="9">O:H</subfield>
    <subfield code="M">49HBZ_BIE</subfield>
  </datafield>
  <datafield tag="700" ind1="1" ind2=" ">
    <subfield code="a">Ippoldt, Juliusz</subfield>
    <subfield code="d">1867-1960</subfield>
    <subfield code="0">(DE-588)124515312</subfield>
    <subfield code="4">oth</subfield>
    <subfield code="9">O:H</subfield>
    <subfield code="M">49HBZ_BIE</subfield>
  </datafield>
  <datafield tag="856" ind1="4" ind2="2">
    <subfield code="m">V:DE-605;X:migimw</subfield>
    <subfield code="q">application/pdf</subfield>
    <subfield code="u">http://digitale-objekte.hbz-nrw.de/storage/2009/12/13/file_25/3362188.pdf</subfield>
    <subfield code="3">Inhaltsverzeichnis</subfield>
    <subfield code="9">O:PKN</subfield>
    <subfield code="M">49HBZ_BIE</subfield>
  </datafield>
  <datafield tag="980" ind1="1" ind2=" ">
    <subfield code="e">HBZ</subfield>
    <subfield code="9">LOCAL</subfield>
    <subfield code="M">49HBZ_BIE</subfield>
  </datafield>
  <datafield tag="981" ind1=" " ind2=" ">
    <subfield code="a">(DE-361)299984</subfield>
    <subfield code="9">LOCAL</subfield>
    <subfield code="M">49HBZ_BIE</subfield>
  </datafield>
  <datafield tag="997" ind1=" " ind2=" ">
    <subfield code="a">20020120</subfield>
    <subfield code="9">LOCAL</subfield>
    <subfield code="M">49HBZ_BIE</subfield>
  </datafield>
  <datafield tag="MBD" ind1=" " ind2=" ">
    <subfield code="M">49HBZ_DUE</subfield>
    <subfield code="i">990002722500206443</subfield>
    <subfield code="n">ULB D&#252;sseldorf</subfield>
  </datafield>
  <datafield tag="700" ind1="1" ind2=" ">
    <subfield code="a">Piprek, Jan</subfield>
    <subfield code="4">oth</subfield>
    <subfield code="9">O:H</subfield>
    <subfield code="M">49HBZ_DUE</subfield>
  </datafield>
  <datafield tag="700" ind1="1" ind2=" ">
    <subfield code="a">Ippoldt, Juliusz</subfield>
    <subfield code="d">1867-1960</subfield>
    <subfield code="0">(DE-588)124515312</subfield>
    <subfield code="4">oth</subfield>
    <subfield code="9">O:H</subfield>
    <subfield code="M">49HBZ_DUE</subfield>
  </datafield>
  <datafield tag="856" ind1="4" ind2="2">
    <subfield code="m">V:DE-605;X:migimw</subfield>
    <subfield code="q">application/pdf</subfield>
    <subfield code="u">http://digitale-objekte.hbz-nrw.de/storage/2009/12/13/file_25/3362188.pdf</subfield>
    <subfield code="3">Inhaltsverzeichnis</subfield>
    <subfield code="9">O:PKN</subfield>
    <subfield code="M">49HBZ_DUE</subfield>
  </datafield>
  <datafield tag="983" ind1=" " ind2=" ">
    <subfield code="a">alga020</subfield>
    <subfield code="9">LOCAL</subfield>
    <subfield code="M">49HBZ_DUE</subfield>
  </datafield>
  <datafield tag="MNG" ind1=" " ind2=" ">
    <subfield code="c">System</subfield>
    <subfield code="f">ILS</subfield>
    <subfield code="i">marc21</subfield>
    <subfield code="k">01</subfield>
    <subfield code="e">false</subfield>
    <subfield code="d">2021-04-08 05:38:31 Europe/Berlin</subfield>
    <subfield code="g">007775610-HBZ01</subfield>
    <subfield code="j">60</subfield>
    <subfield code="a">import</subfield>
    <subfield code="b">2021-04-05 18:22:47 Europe/Berlin</subfield>
  </datafield>
  <datafield tag="H52" ind1="8" ind2=" ">
    <subfield code="b">UB_BI</subfield>
    <subfield code="c">155_Mono</subfield>
    <subfield code="h">NP701.35 G8D4P[2,2</subfield>
    <subfield code="8">22273684540006442</subfield>
  </datafield>
  <datafield tag="HOL" ind1=" " ind2=" ">
    <subfield code="b">2021-04-19 05:27:52</subfield>
    <subfield code="8">22273684540006442</subfield>
    <subfield code="M">49HBZ_BIE</subfield>
    <subfield code="g">false</subfield>
    <subfield code="a">import</subfield>
  </datafield>
  <datafield tag="ITM" ind1=" " ind2=" ">
    <subfield code="H">22273684540006442</subfield>
    <subfield code="x">155_Mono</subfield>
    <subfield code="f">BOOK</subfield>
    <subfield code="v">155_Mono</subfield>
    <subfield code="p">item_08</subfield>
    <subfield code="X">Cutover_Fix_OSID</subfield>
    <subfield code="U">2021-04-18 10:59:00</subfield>
    <subfield code="Y">2021-04-19 05:28:20</subfield>
    <subfield code="h">false</subfield>
    <subfield code="M">49HBZ_BIE</subfield>
    <subfield code="s">1</subfield>
    <subfield code="d">8</subfield>
    <subfield code="V">import</subfield>
    <subfield code="L">Abteilung/Standort/Haushaltsstufe: 15 | SISIS-Magazindrucker: 0 | HBZ01: HT001898812 | Keine Beilagen: 1</subfield>
    <subfield code="b">158/0908836+02</subfield>
    <subfield code="O">SISIS-Ausleihz&#228;hler vorletztes Migrationsjahr: 0 | SISIS-Vormerkz&#228;hler Migrationsjahr: 0 | SISIS-vorletztes R&#252;ckgabedatum: 2011-07-12 | SISIS-Buchdaten-Aufnahmedatum: 2002-01-28</subfield>
    <subfield code="N">Fernleihkonditionen: 0 | Sigel: 361 | Klassifikation: 155_Mono | Altersbegrenzung: 0 | SISIS-Ausleihz&#228;hler Migrationsjahr: 0 | SISIS-Ausleihz&#228;hler Vor-Migrationsjahr: 0</subfield>
    <subfield code="a">23273684520006442</subfield>
    <subfield code="c">NP701.35 G8D4P[2,2</subfield>
    <subfield code="W">2021-04-19 05:27:52</subfield>
    <subfield code="u">UB_BI</subfield>
    <subfield code="w">UB_BI</subfield>
  </datafield>
  <datafield tag="ITM" ind1=" " ind2=" ">
    <subfield code="H">22273684540006442</subfield>
    <subfield code="x">155_Mono</subfield>
    <subfield code="f">BOOK</subfield>
    <subfield code="v">155_Mono</subfield>
    <subfield code="p">item_00</subfield>
    <subfield code="X">Cutover_Fix_OSID</subfield>
    <subfield code="U">2021-04-18 10:59:00</subfield>
    <subfield code="Y">2021-04-19 05:28:20</subfield>
    <subfield code="h">false</subfield>
    <subfield code="M">49HBZ_BIE</subfield>
    <subfield code="s">1</subfield>
    <subfield code="d">8</subfield>
    <subfield code="V">import</subfield>
    <subfield code="L">Abteilung/Standort/Haushaltsstufe: 15 | SISIS-Magazindrucker: 0 | HBZ01: HT001898812 | Keine Beilagen: 1</subfield>
    <subfield code="b">150/0908836+01</subfield>
    <subfield code="O">SISIS-Ausleihz&#228;hler vorletztes Migrationsjahr: 0 | SISIS-Vormerkz&#228;hler Migrationsjahr: 0 | SISIS-Buchdaten-Aufnahmedatum: 2002-01-28</subfield>
    <subfield code="N">Fernleihkonditionen: 3 | Sigel: 361 | Klassifikation: 155_Mono | Altersbegrenzung: 0 | SISIS-Ausleihz&#228;hler Migrationsjahr: 0 | SISIS-Ausleihz&#228;hler Vor-Migrationsjahr: 0</subfield>
    <subfield code="a">23273684530006442</subfield>
    <subfield code="c">NP701.35 G8D4P[2,2</subfield>
    <subfield code="W">2021-04-19 05:27:52</subfield>
    <subfield code="u">UB_BI</subfield>
    <subfield code="w">UB_BI</subfield>
  </datafield>
  <datafield tag="H52" ind1="8" ind2=" ">
    <subfield code="b">X0001</subfield>
    <subfield code="c">00</subfield>
    <subfield code="h">nc/01478</subfield>
    <subfield code="8">22256263400006443</subfield>
  </datafield>
  <datafield tag="HOL" ind1=" " ind2=" ">
    <subfield code="b">2021-04-01 09:55:30</subfield>
    <subfield code="8">22256263400006443</subfield>
    <subfield code="M">49HBZ_DUE</subfield>
    <subfield code="g">false</subfield>
    <subfield code="a">import</subfield>
  </datafield>
  <datafield tag="H52" ind1="8" ind2=" ">
    <subfield code="b">X0032</subfield>
    <subfield code="c">28</subfield>
    <subfield code="h">hisa320.p777(2)</subfield>
    <subfield code="8">22256263340006443</subfield>
  </datafield>
  <datafield tag="HOL" ind1=" " ind2=" ">
    <subfield code="b">2021-04-01 09:55:30</subfield>
    <subfield code="8">22256263340006443</subfield>
    <subfield code="M">49HBZ_DUE</subfield>
    <subfield code="g">false</subfield>
    <subfield code="a">import</subfield>
  </datafield>
  <datafield tag="H52" ind1="8" ind2=" ">
    <subfield code="b">X0001</subfield>
    <subfield code="c">93</subfield>
    <subfield code="h">sla/b4953(2)</subfield>
    <subfield code="8">22256263360006443</subfield>
  </datafield>
  <datafield tag="HOL" ind1=" " ind2=" ">
    <subfield code="b">2021-04-01 09:55:30</subfield>
    <subfield code="8">22256263360006443</subfield>
    <subfield code="M">49HBZ_DUE</subfield>
    <subfield code="g">false</subfield>
    <subfield code="a">import</subfield>
  </datafield>
  <datafield tag="ITM" ind1=" " ind2=" ">
    <subfield code="H">22256263340006443</subfield>
    <subfield code="x">28</subfield>
    <subfield code="f">BOOK</subfield>
    <subfield code="v">28</subfield>
    <subfield code="p">11</subfield>
    <subfield code="X">System</subfield>
    <subfield code="U">2008-01-07 10:59:00</subfield>
    <subfield code="Y">2021-04-01 09:56:36</subfield>
    <subfield code="h">false</subfield>
    <subfield code="M">49HBZ_DUE</subfield>
    <subfield code="s">1</subfield>
    <subfield code="d">8</subfield>
    <subfield code="V">import</subfield>
    <subfield code="b">028500201</subfield>
    <subfield code="a">23256263330006443</subfield>
    <subfield code="c">hisa320.p777(2)</subfield>
    <subfield code="W">2021-04-01 09:55:30</subfield>
    <subfield code="u">X0032</subfield>
    <subfield code="w">X0032</subfield>
  </datafield>
  <datafield tag="ITM" ind1=" " ind2=" ">
    <subfield code="H">22256263360006443</subfield>
    <subfield code="x">93</subfield>
    <subfield code="f">BOOK</subfield>
    <subfield code="v">93</subfield>
    <subfield code="p">11</subfield>
    <subfield code="X">System</subfield>
    <subfield code="U">1997-04-09 10:59:00</subfield>
    <subfield code="Y">2021-04-01 09:56:36</subfield>
    <subfield code="h">false</subfield>
    <subfield code="M">49HBZ_DUE</subfield>
    <subfield code="s">1</subfield>
    <subfield code="d">8</subfield>
    <subfield code="V">import</subfield>
    <subfield code="b">050215602</subfield>
    <subfield code="a">23256263350006443</subfield>
    <subfield code="c">sla/b4953(2)</subfield>
    <subfield code="W">2021-04-01 09:55:30</subfield>
    <subfield code="u">X0001</subfield>
    <subfield code="w">X0001</subfield>
  </datafield>
  <datafield tag="ITM" ind1=" " ind2=" ">
    <subfield code="H">22256263400006443</subfield>
    <subfield code="x">00</subfield>
    <subfield code="f">BOOK</subfield>
    <subfield code="v">00</subfield>
    <subfield code="p">11</subfield>
    <subfield code="X">System</subfield>
    <subfield code="U">1997-04-09 10:59:00</subfield>
    <subfield code="Y">2021-04-01 09:56:36</subfield>
    <subfield code="h">false</subfield>
    <subfield code="M">49HBZ_DUE</subfield>
    <subfield code="s">1</subfield>
    <subfield code="d">8</subfield>
    <subfield code="V">import</subfield>
    <subfield code="b">050215601</subfield>
    <subfield code="a">23256263380006443</subfield>
    <subfield code="R">Maintenance count: 001</subfield>
    <subfield code="c">nc/01478</subfield>
    <subfield code="W">2021-04-01 09:55:30</subfield>
    <subfield code="u">X0001</subfield>
    <subfield code="w">X0001</subfield>
  </datafield>
  <datafield tag="GPN" ind1="1" ind2=" ">
    <subfield code="a">Ippoldt, Juljusz</subfield>
    <subfield code="d">1867-1960</subfield>
    <subfield code="A">GND</subfield>
    <subfield code="B">GND-124515312</subfield>
    <subfield code="C">400</subfield>
  </datafield>
  <datafield tag="GSI" ind1="7" ind2=" ">
    <subfield code="a">http://d-nb.info/gnd/124515312</subfield>
    <subfield code="2">uri</subfield>
    <subfield code="A">GND</subfield>
    <subfield code="B">GND-124515312</subfield>
    <subfield code="C">024</subfield>
  </datafield>
</record>